<?xml version="1.0" encoding="UTF-8"?><record xmlns="http://www.loc.gov/MARC21/slim" xmlns:cinclude="http://apache.org/cocoon/include/1.0" xmlns:zs="http://www.loc.gov/zing/srw/">
  <leader>00437cz  a2200133n  4500</leader>
  <controlfield tag="001">n  89264652 </controlfield>
  <controlfield tag="003">DLC</controlfield>
  <controlfield tag="005">19940916134024.0</controlfield>
  <controlfield tag="008">940826n| acannaab|          |a aaa |||  </controlfield>
  <datafield tag="010" ind1=" " ind2=" ">
    <subfield code="a">n  89264652 </subfield>
  </datafield>
  <datafield tag="040" ind1=" " ind2=" ">
    <subfield code="a">DLC</subfield>
    <subfield code="c">DLC</subfield>
    <subfield code="d">DLC</subfield>
  </datafield>
  <datafield tag="100" ind1="1" ind2="0">
    <subfield code="a">Śarmmā, Candradharabhavānīśaṅkara</subfield>
  </datafield>
  <datafield tag="400" ind1="0" ind2="0">
    <subfield code="a">Candradharabhavānīśaṅkara Śarmmā</subfield>
  </datafield>
  <datafield tag="670" ind1=" " ind2=" ">
    <subfield code="a">Cūr̥ā-upanayana vidhi, 1936:</subfield>
    <subfield code="b">colophon (Candradharabhavānīśaṅkaraśarmmā)</subfield>
  </datafield>
</record>